@book{10.5555/3351864,
author = {Kochenderfer, Mykel J. and Wheeler, Tim A.},
title = {Algorithms for Optimization},
year = {2019},
publisher = {The MIT Press}
}

@INPROCEEDINGS{7995713, 
author={C. {Liu} and W. {Zhan} and M. {Tomizuka}}, 
booktitle={2017 IEEE Intelligent Vehicles Symposium (IV)}, 
title={Speed profile planning in dynamic environments via temporal optimization}, 
year={2017}, volume={}, number={}, pages={154-159},} 

@book{10.5555/1734063,
author = {Betts, John T.},
title = {Practical Methods for Optimal Control and Estimation Using Nonlinear Programming},
year = {2009},
isbn = {0898716888},
publisher = {Cambridge University Press},
address = {USA},
edition = {2nd}
}

@INPROCEEDINGS{7535558,
  author={T. {Gu} and J. M. {Dolan} and J. {Lee}},
  booktitle={2016 IEEE Intelligent Vehicles Symposium (IV)}, 
  title={Runtime-bounded tunable motion planning for autonomous driving}, 
  year={2016},
  pages={1301-1306},}

@INPROCEEDINGS{7353382,
  author={ {Tianyu Gu} and J. {Atwood} and  {Chiyu Dong} and J. M. {Dolan} and  {Jin-Woo Lee}},
  booktitle={2015 IEEE/RSJ International Conference on Intelligent Robots and Systems (IROS)}, 
  title={Tunable and stable real-time trajectory planning for urban autonomous driving}, 
  year={2015},
  pages={250-256},}

@INPROCEEDINGS{7225840,
  author={X. {Li} and Z. {Sun} and Z. {He} and Q. {Zhu} and D. {Liu}},
  booktitle={2015 IEEE Intelligent Vehicles Symposium (IV)}, 
  title={A practical trajectory planning framework for autonomous ground vehicles driving in urban environments}, 
  year={2015},
  pages={1160-1166},}

@INPROCEEDINGS{1986asdy.conf....3H,
       author = {{Hargraves}, C.~R. and {Paris}, S.~W.},
        title = "{Direct trajectory optimization using nonlinear programming and collocation}",
     keywords = {Nonlinear Programming, Optimal Control, Trajectory Optimization, Algorithms, Ascent Trajectories, Booster Rockets, Climbing Flight, Fighter Aircraft, Polynomials, Astrodynamics},
    booktitle = {Astrodynamics 1985},
         year = 1986,
        month = aug,
        pages = {3-12},
       adsurl = {https://ui.adsabs.harvard.edu/abs/1986asdy.conf....3H},
      adsnote = {Provided by the SAO/NASA Astrophysics Data System}
}

@article{article,
author = {Wachter, Andreas and Biegler, Lorenz},
year = {2006},
month = {03},
pages = {25-57},
title = {On the Implementation of an Interior-Point Filter Line-Search Algorithm for Large-Scale Nonlinear Programming},
volume = {106},
journal = {Mathematical programming},
doi = {10.1007/s10107-004-0559-y}
}

@inproceedings{Katrakazas2015RealtimeMP,
  title={Real-time motion planning methods for autonomous on-road driving: State-of-the-art and future research directions},
  author={Christos Katrakazas and Mohammed A. Quddus and Wen-hua Chen and Lipika Deka},
  year={2015}
}

@article{Liu2017TheCF,
  title={The Convex Feasible Set Algorithm for Real Time Optimization in Motion Planning},
  author={Changliu Liu and Chung-Yen Lin and Masayoshi Tomizuka},
  journal={SIAM J. Control and Optimization},
  year={2017},
  volume={56},
  pages={2712-2733}
}

@article{Zhang2020OptimizationBasedCA,
  title={Optimization-Based Collision Avoidance},
  author={Xiaojing Zhang and Alexander Liniger and Francesco Borrelli},
  journal={ArXiv},
  year={2020},
  volume={abs/1711.03449}
}

@article{Fan2018BaiduAE,
  title={Baidu Apollo EM Motion Planner},
  author={Haoyang Fan and Fan Zhu and Changchun Liu and Liangliang Zhang and Li Zhuang and Dong Li and Weicheng Zhu and Jiangtao Hu and Hongye Li and Qi Kong},
  journal={ArXiv},
  year={2018},
  volume={abs/1807.08048}
}
