@book{10.5555/3351864,
author = {Kochenderfer, Mykel J. and Wheeler, Tim A.},
title = {Algorithms for Optimization},
year = {2019},
publisher = {The MIT Press}
}

@INPROCEEDINGS{7995713, 
author={C. {Liu} and W. {Zhan} and M. {Tomizuka}}, 
booktitle={2017 IEEE Intelligent Vehicles Symposium (IV)}, 
title={Speed profile planning in dynamic environments via temporal optimization}, 
year={2017}, volume={}, number={}, pages={154-159},} 

@book{10.5555/1734063,
author = {Betts, John T.},
title = {Practical Methods for Optimal Control and Estimation Using Nonlinear Programming},
year = {2009},
isbn = {0898716888},
publisher = {Cambridge University Press},
address = {USA},
edition = {2nd}
}

@INPROCEEDINGS{7535558,
  author={T. {Gu} and J. M. {Dolan} and J. {Lee}},
  booktitle={2016 IEEE Intelligent Vehicles Symposium (IV)}, 
  title={Runtime-bounded tunable motion planning for autonomous driving}, 
  year={2016},
  pages={1301-1306},}

@INPROCEEDINGS{7353382,
  author={ {Tianyu Gu} and J. {Atwood} and  {Chiyu Dong} and J. M. {Dolan} and  {Jin-Woo Lee}},
  booktitle={2015 IEEE/RSJ International Conference on Intelligent Robots and Systems (IROS)}, 
  title={Tunable and stable real-time trajectory planning for urban autonomous driving}, 
  year={2015},
  pages={250-256},}

@INPROCEEDINGS{7225840,
  author={X. {Li} and Z. {Sun} and Z. {He} and Q. {Zhu} and D. {Liu}},
  booktitle={2015 IEEE Intelligent Vehicles Symposium (IV)}, 
  title={A practical trajectory planning framework for autonomous ground vehicles driving in urban environments}, 
  year={2015},
  pages={1160-1166},}



